% Encoding: UTF-8
%% This BibTeX bibliography file was created using BibDesk.
%% https://bibdesk.sourceforge.io/

%% Created for Benjamin Bloem-Reddy at 2019-08-21 11:27:41 -0700 


%% Saved with string encoding Unicode (UTF-8) 



@Misc{Mouli:2021,
  author        = {S Chandra Mouli and Bruno Ribeiro},
  title         = {Neural Networks for Learning Counterfactual G-Invariances from Single Environments},
  year          = {2021},
  archiveprefix = {arXiv},
  eprint        = {2104.10105},
  primaryclass  = {cs.LG},
}

@Misc{Farahani:2020,
  author        = {Abolfazl Farahani and Sahar Voghoei and Khaled Rasheed and Hamid R. Arabnia},
  title         = {A Brief Review of Domain Adaptation},
  year          = {2020},
  archiveprefix = {arXiv},
  eprint        = {2010.03978},
  primaryclass  = {cs.LG},
}

@Misc{Arjovsky:2020,
  author        = {Martin Arjovsky and Léon Bottou and Ishaan Gulrajani and David Lopez-Paz},
  title         = {Invariant Risk Minimization},
  year          = {2020},
  archiveprefix = {arXiv},
  eprint        = {1907.02893},
  primaryclass  = {stat.ML},
}

@Misc{Parascandolo:2018,
  author        = {Giambattista Parascandolo and Niki Kilbertus and Mateo Rojas-Carulla and Bernhard Schölkopf},
  title         = {Learning Independent Causal Mechanisms},
  year          = {2018},
  archiveprefix = {arXiv},
  eprint        = {1712.00961},
  primaryclass  = {cs.LG},
}

@InProceedings{Chen:2020,
  author    = {Chen, Shuxiao and Dobriban, Edgar and Lee, Jane},
  title     = {A Group-Theoretic Framework for Data Augmentation},
  booktitle = {Advances in Neural Information Processing Systems},
  year      = {2020},
  editor    = {H. Larochelle and M. Ranzato and R. Hadsell and M. F. Balcan and H. Lin},
  volume    = {33},
  pages     = {21321--21333},
  publisher = {Curran Associates, Inc.},
  url       = {https://proceedings.neurips.cc/paper/2020/file/f4573fc71c731d5c362f0d7860945b88-Paper.pdf},
}

@Misc{Elesedy:2021,
  author        = {Bryn Elesedy},
  title         = {Provably Strict Generalisation Benefit for Invariance in Kernel Methods},
  year          = {2021},
  archiveprefix = {arXiv},
  eprint        = {2106.02346},
  primaryclass  = {stat.ML},
}

@Article{Gonen:2011,
  author  = {Mehmet G{{\"o}}nen and Ethem Alpaydin},
  title   = {Multiple Kernel Learning Algorithms},
  journal = {Journal of Machine Learning Research},
  year    = {2011},
  volume  = {12},
  number  = {64},
  pages   = {2211-2268},
  url     = {http://jmlr.org/papers/v12/gonen11a.html},
}

@Misc{Scholkopf:2019,
  author        = {Bernhard Schölkopf},
  title         = {Causality for Machine Learning},
  year          = {2019},
  archiveprefix = {arXiv},
  eprint        = {1911.10500},
  primaryclass  = {cs.LG},
}

@Misc{Zhao:2020,
  author        = {Sicheng Zhao and Xiangyu Yue and Shanghang Zhang and Bo Li and Han Zhao and Bichen Wu and Ravi Krishna and Joseph E. Gonzalez and Alberto L. Sangiovanni-Vincentelli and Sanjit A. Seshia and Kurt Keutzer},
  title         = {A Review of Single-Source Deep Unsupervised Visual Domain Adaptation},
  year          = {2020},
  archiveprefix = {arXiv},
  eprint        = {2009.00155},
  primaryclass  = {cs.CV},
}

@Misc{Kumar:2020,
  author        = {Saurabh Kumar and Aviral Kumar and Sergey Levine and Chelsea Finn},
  title         = {One Solution is Not All You Need: Few-Shot Extrapolation via Structured MaxEnt RL},
  year          = {2020},
  archiveprefix = {arXiv},
  eprint        = {2010.14484},
  primaryclass  = {cs.LG},
}

@Book{Mumford:1994,
  title     = {Geometric invariant theory},
  publisher = {Springer-Verlag},
  year      = {1994},
  author    = {Mumford,David and Fogarty,John and Kirwan,Frances C.},
  volume    = {34;3. Folge, Bd. 34.;},
  address   = {New York;Berlin;},
  edition   = {3rd enl.},
  isbn      = {9783540569633;3540569634;0387569634;9780387569635;},
  keywords  = {Geometry, Algebraic; Invariants; Moduli theory},
  language  = {English},
}

@Comment{jabref-meta: databaseType:bibtex;}
